<?xml version="1.0" encoding="UTF-8"?><collection xmlns="http://www.loc.gov/MARC21/slim"><record><leader>00564nam--2200193-i-4500</leader><controlfield tag="001">000011725</controlfield><controlfield tag="002">20161230</controlfield><controlfield tag="005">20170108210512</controlfield><controlfield tag="008">060222s1000------------r-----000-0-eng-d</controlfield><datafield ind1=" " ind2=" " tag="040"><subfield code="a">IFIN-HH</subfield></datafield><datafield ind1=" " ind2=" " tag="080"><subfield code="a">536:621.4/(07)</subfield></datafield><datafield ind1="1" ind2=" " tag="100"><subfield code="a">Zemansky, Mark W</subfield></datafield><datafield ind1="1" ind2="0" tag="245"><subfield code="a">Basic engineering thermodynamics</subfield><subfield code="c">Mark W. Zemansky; Michael M. Abbott; Hendrick C. van Ness</subfield></datafield><datafield ind1=" " ind2=" " tag="250"><subfield code="a">Second Edition</subfield></datafield><datafield ind1=" " ind2=" " tag="260"><subfield code="a">New York</subfield><subfield code="b">McGraw-Hill Book Company</subfield><subfield code="c">1975</subfield></datafield><datafield ind1=" " ind2=" " tag="300"><subfield code="a">XVI +492 p</subfield></datafield><datafield ind1="1" ind2=" " tag="700"><subfield code="a">Van Ness, Hendrick C</subfield></datafield><datafield ind1=" " ind2=" " tag="852"><subfield code="a">43213</subfield><subfield code="c">536.7</subfield></datafield><datafield ind1=" " ind2=" " tag="CAT"><subfield code="a">SYS</subfield><subfield code="c">20170108</subfield><subfield code="h">210512</subfield></datafield></record></collection>